@INPROCEEDINGS{Ester96adensity-based,
    author = {Martin Ester and Hans-peter Kriegel and JÃ¶rg S and Xiaowei Xu},
    title = {A density-based algorithm for discovering clusters in large spatial databases with noise},
    booktitle = {},
    year = {1996},
    pages = {226--231},
    publisher = {AAAI Press}
}

@article{Samet:1984:QRH:356924.356930,
 author = {Samet, Hanan},
 title = {The Quadtree and Related Hierarchical Data Structures},
 journal = {ACM Comput. Surv.},
 issue_date = {June 1984},
 volume = {16},
 number = {2},
 month = jun,
 year = {1984},
 issn = {0360-0300},
 pages = {187--260},
 numpages = {74},
 url = {http://doi.acm.org/10.1145/356924.356930},
 doi = {10.1145/356924.356930},
 acmid = {356930},
 publisher = {ACM},
 address = {New York, NY, USA},
} 
